[gd_scene load_steps=4 format=2]

[ext_resource path="res://icon.png" type="Texture" id=1]
[ext_resource path="res://Main_Scene.gd" type="Script" id=2]

[sub_resource type="RectangleShape2D" id=1]
extents = Vector2( 42.75, 40.6708 )

[node name="MainScene" type="Node2D"]
position = Vector2( 139.498, 114.502 )
script = ExtResource( 2 )

[node name="Sprite" type="Sprite" parent="."]
position = Vector2( 314.176, -3.8147e-06 )
scale = Vector2( 1.86082, 1.87737 )
texture = ExtResource( 1 )
__meta__ = {
"_edit_group_": true
}

[node name="Button_Host" type="Button" parent="."]
margin_left = -98.5302
margin_top = 27.5461
margin_right = -48.5301
margin_bottom = 77.5461
text = "Host"
__meta__ = {
"_edit_use_anchors_": false
}

[node name="Button_Join" type="Button" parent="."]
margin_left = -98.5302
margin_top = -59.1081
margin_right = -48.5301
margin_bottom = -9.10806
text = "Join"
__meta__ = {
"_edit_use_anchors_": false
}

[node name="Label" type="Label" parent="Button_Join"]
margin_left = 527.066
margin_top = -42.1684
margin_right = 648.066
margin_bottom = -10.1684
text = "Players in Killrange"

[node name="Button_Change_Vis" type="Button" parent="."]
margin_top = -59.1081
margin_right = 122.0
margin_bottom = -9.10806
text = "change visibility"
__meta__ = {
"_edit_use_anchors_": false
}

[node name="Button_Add_Player" type="Button" parent="."]
margin_left = 0.793701
margin_top = 28.0
margin_right = 122.794
margin_bottom = 78.0
text = "Add Player"
__meta__ = {
"_edit_use_anchors_": false
}

[node name="Button_Master" type="Button" parent="."]
margin_left = 148.846
margin_top = -65.8977
margin_right = 247.846
margin_bottom = 3.10229
rect_pivot_offset = Vector2( 179.155, 16.429 )
text = "MasterButton"
__meta__ = {
"_edit_use_anchors_": false
}

[node name="Button_Slave" type="Button" parent="."]
margin_left = 151.249
margin_top = 21.6157
margin_right = 239.249
margin_bottom = 86.6157
text = "SlaveButton"
__meta__ = {
"_edit_use_anchors_": false
}

[node name="Kill_Tester" type="ColorRect" parent="."]
margin_left = 446.779
margin_top = -63.9536
margin_right = 532.779
margin_bottom = 17.0464
__meta__ = {
"_edit_use_anchors_": false
}

[node name="Area2D" type="Area2D" parent="Kill_Tester"]
collision_layer = 2
collision_mask = 2

[node name="CollisionShape2D" type="CollisionShape2D" parent="Kill_Tester/Area2D"]
position = Vector2( 42.4745, 40.5867 )
shape = SubResource( 1 )
[connection signal="pressed" from="Button_Host" to="." method="_on_Button_Host_pressed"]
[connection signal="pressed" from="Button_Join" to="." method="_on_Button_Join_pressed"]
[connection signal="pressed" from="Button_Change_Vis" to="." method="_on_Button_Change_Vis_pressed"]
[connection signal="pressed" from="Button_Add_Player" to="." method="_on_Button_Add_Player_pressed"]
[connection signal="pressed" from="Button_Master" to="." method="_on_Button_Master_pressed"]
[connection signal="pressed" from="Button_Slave" to="." method="_on_Button_Slave_pressed"]
